<record><leader>00000cas a2200000 a 4500</leader><controlfield tag="001">30618185</controlfield><controlfield tag="008">940616d18821904orucr ne      0   a0eng c</controlfield><datafield ind1=" " ind2=" " tag="010"><subfield code="a">sn 93051669 </subfield></datafield><datafield ind1=" " ind2=" " tag="040"><subfield code="a">CUY</subfield><subfield code="b">eng</subfield><subfield code="c">CNK</subfield><subfield code="d">OCLCQ</subfield><subfield code="d">ORU</subfield><subfield code="d">CUI</subfield><subfield code="d">ORU</subfield><subfield code="d">DLC</subfield><subfield code="d">OCLCF</subfield><subfield code="d">DLC</subfield></datafield><datafield ind1="0" ind2=" " tag="022"><subfield code="a">2333-1402</subfield><subfield code="2">1</subfield></datafield><datafield ind1=" " ind2=" " tag="042"><subfield code="a">pcc</subfield><subfield code="a">nsdp</subfield></datafield><datafield ind1=" " ind2=" " tag="043"><subfield code="a">n-us-or</subfield></datafield><datafield ind1="0" ind2="0" tag="050"><subfield code="a">Newspaper</subfield></datafield><datafield ind1=" " ind2="4" tag="050"><subfield code="a">AN</subfield></datafield><datafield ind1=" " ind2="4" tag="222"><subfield code="a">The Dalles times-mountaineer</subfield><subfield code="b">(Print)</subfield></datafield><datafield ind1="0" ind2="4" tag="245"><subfield code="a">The Dalles times-mountaineer.</subfield></datafield><datafield ind1="3" ind2="0" tag="246"><subfield code="a">Dalles times mountaineer</subfield></datafield><datafield ind1=" " ind2=" " tag="260"><subfield code="a">The Dalles, Or. :</subfield><subfield code="b">Times-Mountaineer Pub. Co.,</subfield><subfield code="c">[1882-1904]</subfield></datafield><datafield ind1=" " ind2=" " tag="300"><subfield code="a">v.</subfield></datafield><datafield ind1=" " ind2=" " tag="310"><subfield code="a">Semiweekly,</subfield><subfield code="b">&lt;Nov. 29, 1901-&gt;</subfield></datafield><datafield ind1=" " ind2=" " tag="321"><subfield code="a">Weekly,</subfield><subfield code="b">1882-&lt;Oct. 11, 1901&gt;</subfield></datafield><datafield ind1="1" ind2=" " tag="362"><subfield code="a">Began in 1882; ceased in 1904.</subfield></datafield><datafield ind1=" " ind2=" " tag="500"><subfield code="a">Edition statement: Semi-weekly, added with frequency change in 1901.</subfield></datafield><datafield ind1=" " ind2=" " tag="515"><subfield code="a">Issues for &lt;Mar. 23, 1889&gt;- lack volume numbering.</subfield></datafield><datafield ind1=" " ind2=" " tag="530"><subfield code="a">Also available on microfilm from University of Oregon.</subfield></datafield><datafield ind1=" " ind2=" " tag="530"><subfield code="a">Archived issues are available in digital format as part of the Historic Oregon Newspaper online collection.7</subfield></datafield><datafield ind1=" " ind2=" " tag="530"><subfield code="a">Archived issues are available in digital format as part of the Library of Congress Chronicling America online collection.</subfield></datafield><datafield ind1=" " ind2=" " tag="580"><subfield code="a">Daily ed.: Times-mountaineer, 1886-&lt;1895&gt;</subfield></datafield><datafield ind1=" " ind2=" " tag="588"><subfield code="a">Description based on: Vol. 2, no. 1 (Aug 25, 1883); title from masthead.</subfield></datafield><datafield ind1=" " ind2=" " tag="588"><subfield code="a">Latest issue consulted:  no. 64 (Aug. 18, 1903).</subfield></datafield><datafield ind1=" " ind2="0" tag="651"><subfield code="a">Dalles (Or.)</subfield><subfield code="v">Newspapers.</subfield></datafield><datafield ind1=" " ind2="0" tag="651"><subfield code="a">Oregon, Eastern</subfield><subfield code="v">Newspapers.</subfield></datafield><datafield ind1=" " ind2="0" tag="651"><subfield code="a">Wasco County (Or.)</subfield><subfield code="v">Newspapers.</subfield></datafield><datafield ind1=" " ind2="7" tag="651"><subfield code="a">Oregon</subfield><subfield code="z">Dalles.</subfield><subfield code="2">fast</subfield><subfield code="0">(OCoLC)fst01218827</subfield></datafield><datafield ind1=" " ind2="7" tag="651"><subfield code="a">Oregon, Eastern.</subfield><subfield code="2">fast</subfield><subfield code="0">(OCoLC)fst01692690</subfield></datafield><datafield ind1=" " ind2="7" tag="651"><subfield code="a">Oregon</subfield><subfield code="z">Wasco County.</subfield><subfield code="2">fast</subfield><subfield code="0">(OCoLC)fst01210249</subfield></datafield><datafield ind1=" " ind2="7" tag="655"><subfield code="a">Newspapers.</subfield><subfield code="2">fast</subfield><subfield code="0">(OCoLC)fst01423814</subfield></datafield><datafield ind1=" " ind2=" " tag="752"><subfield code="a">United States</subfield><subfield code="b">Oregon</subfield><subfield code="c">Wasco</subfield><subfield code="d">Dalles.</subfield></datafield><datafield ind1="0" ind2=" " tag="775"><subfield code="t">Times-mountianeer</subfield><subfield code="w">(DLC)  2010260104</subfield><subfield code="w">(OCoLC)605330974</subfield></datafield><datafield ind1="0" ind2="8" tag="776"><subfield code="i">Online version:</subfield><subfield code="t">Dalles times-mountaineer (Online)</subfield><subfield code="x">2333-1410</subfield><subfield code="w">(DLC)  2013271908</subfield><subfield code="w">(OCoLC)862978198</subfield></datafield><datafield ind1="1" ind2="4" tag="780"><subfield code="t">Weekly mountaineer</subfield><subfield code="w">(DLC)sn 83025135</subfield><subfield code="w">(OCoLC)9266953</subfield></datafield><datafield ind1="1" ind2="4" tag="780"><subfield code="t">Weekly times (Dalles, Or.)</subfield><subfield code="w">(DLC)sn 93051668</subfield><subfield code="w">(OCoLCO)30618194</subfield></datafield><datafield ind1="4" ind2="1" tag="856"><subfield code="u">http://oregonnews.uoregon.edu/lccn/sn93051669/</subfield></datafield><datafield ind1="4" ind2="1" tag="856"><subfield code="u">http://www.loc.gov/chroniclingamerica/lccn/sn93051669/issues</subfield></datafield><datafield ind1="1" ind2=" " tag="029"><subfield code="a">AU@</subfield><subfield code="b">000025896910</subfield></datafield></record>